<record><leader>00000cas a22000007a 4500</leader><controlfield tag="001">9796955</controlfield><controlfield tag="008">830810d18741884mauwr ne      0    0eng d</controlfield><datafield ind1=" " ind2=" " tag="010"><subfield code="a">sn 83021104 </subfield></datafield><datafield ind1=" " ind2=" " tag="040"><subfield code="a">NPX</subfield><subfield code="b">eng</subfield><subfield code="c">NPX</subfield><subfield code="d">NYS</subfield><subfield code="d">MGN</subfield><subfield code="d">OCLCQ</subfield></datafield><datafield ind1=" " ind2=" " tag="042"><subfield code="a">msc</subfield></datafield><datafield ind1=" " ind2=" " tag="043"><subfield code="a">n-us-ma</subfield></datafield><datafield ind1="0" ind2="0" tag="245"><subfield code="a">Western Hampden times and Westfield newsletter.</subfield></datafield><datafield ind1="1" ind2="3" tag="246"><subfield code="a">Times and news-letter</subfield></datafield><datafield ind1=" " ind2=" " tag="260"><subfield code="a">Westfield, Mass. :</subfield><subfield code="b">Clark &amp; Story</subfield></datafield><datafield ind1=" " ind2=" " tag="300"><subfield code="a">v. ;</subfield><subfield code="c">70 cm.</subfield></datafield><datafield ind1=" " ind2=" " tag="310"><subfield code="a">Weekly</subfield></datafield><datafield ind1="0" ind2=" " tag="362"><subfield code="a">Vol. 36, no. 18 (July 8, 1874)-v. 44, no. 13 (May 21, 1884).</subfield></datafield><datafield ind1=" " ind2=" " tag="752"><subfield code="a">United States</subfield><subfield code="b">Massachusetts</subfield><subfield code="c">Hampden</subfield><subfield code="d">Westfield.</subfield></datafield><datafield ind1="0" ind2="4" tag="780"><subfield code="t">Westfield newsletter</subfield><subfield code="w">(DLC)sn 83021102</subfield></datafield><datafield ind1="0" ind2="4" tag="780"><subfield code="t">Western Hampden times</subfield><subfield code="w">(DLC)sn 83021103</subfield></datafield><datafield ind1="0" ind2="0" tag="785"><subfield code="t">Times and news-letter</subfield><subfield code="w">(DLC)sn 90066327</subfield><subfield code="w">(OCoLC)22696291</subfield></datafield><datafield ind1=" " ind2=" " tag="936"><subfield code="a">1876 Aug. 16</subfield></datafield></record>